@book{sobrenomeANO,
 	author  ={Sobrenome, N. and Sobrenome2, N2.},
	 title   ={Título da Obra},
 	organization={Revista Brasileira de Geografia},
 	address ={Cidade da Editora},
 	publisher={Nome da editora},
 	pages   =137,
 	series  ={Série do livro},
 	number  =15,
 	note    ={Bibliografia: p. 131--132},
	 isbn ={XX-XXX-XXXX-X},
 	issn ={XXXX-XXXX},
 	year ={1998}
}